<?xml version="1.0" encoding="UTF-8"?><collection xmlns="http://www.loc.gov/MARC21/slim"><record><leader>00425nam--2200121-i-4500</leader><controlfield tag="001">000007076</controlfield><controlfield tag="002">20161230</controlfield><controlfield tag="005">20161230201027</controlfield><controlfield tag="008">060222s1000------------r-----000-0-eng-d</controlfield><datafield ind1=" " ind2=" " tag="245"><subfield code="a">Kernenergieantriebe fur handelschschiffe. 3.jahrbuch der studiengesellschaft zur forder ung der kernenergieverwertung in schiffbau und schiffahrt</subfield></datafield><datafield ind1=" " ind2=" " tag="260"><subfield code="a">Munchen, Verlag Karl Thiemig , 1964 .Xxiii + 192 P</subfield></datafield><datafield ind1=" " ind2=" " tag="700"><subfield code="a">Bagge ,E</subfield></datafield><datafield ind1=" " ind2=" " tag="852"><subfield code="a">21111</subfield></datafield></record></collection>